@book{Sivia2011,
  author = "Sivia, D. S.",
  title = "Elementary Scattering Theory",
  publisher = "Oxford University Press",
  year = "2011",
  address = "Oxford, UK",
  isbn = "9780199228683"
}

@book{Schnablegger2017,
  author = "Schnablegger, H. and Singh, Y.",
  title = "The SAXS Guide: Getting acquainted with the principles",
  publisher = "Anton Paar GmbH.",
  edition = "4",
  year = "2017",
  address = "Graz, Austria"
}

@incollection{Garcia-Gutierrez2009,
  author = "Garc{\`i}a-Guti{\`e}rrez, M. C. and Rueda, D. R.",
  title = "Bases of Synchrotron Radiation, Light Sources, and Features of X-ray Scattering Beamlines",
  booktitle = "Applications of Synchrotron Light to Scattering and Diffraction in Materials and Life Sciences",
  publisher = "Springer-Verlag Berlin Heidelberg",
  year = "2009",
  editor = "Ezquerra, T. A. and Garc{\`i}a-Guti{\`e}rrez, M. C. and Nogales, A. and Gomez, M",
  volume = "776",
  chapter = "1",
  pages = "1-20",
  address = "Heidelberg, Germany",
  edition = "1",
  doi = "10.1007/978-3-540-95968-7"
}

@article{Farago2009,
  title = "Recent developments and applications of NSE in soft matter",
  journal = "Curr. Opin. Colloid Interface Sci",
  volume = "14",
  number = "6",
  pages = "391 - 395",
  year = "2009",
  issn = "1359-0294",
  doi = "10.1016/j.cocis.2009.07.004",
  url = "http://doi.org/10.1016/j.cocis.2009.07.004",
  author = "Farago, B.",
  keywords = "Neutron spin echo, NSE, Soft matter, Colloids, Surface science, Reflectometry"
}

@article{Sakai2009,
  title = "Quasielastic neutron scattering in soft matter",
  journal = "Curr. Opin. Colloid Interface Sci",
  volume = "14",
  number = "6",
  pages = "381 - 390",
  year = "2009",
  issn = "1359-0294",
  doi = "10.1016/j.cocis.2009.04.002",
  url = "https://doi.org/10.1016/j.cocis.2009.04.002",
  author = "Garc{\'i}a Sakai, V. and Arbe, A.",
  keywords = "Quasielastic neutron scattering, Molecular dynamics, Lipids, Polymers, Polymer blends, Confinement, Proteins, Dynamical transition, Anhydrobiosis"
}
