This is an auxiliary file used by the `rsc' package.
This file may safely be deleted. It will be recreated as required.
 
@Control{rsc-control,
  ctrl-use-title =  "no",
  ctrl-use-doi-all =  "no",
  ctrl-link-doi =  "no",
  ctrl-etal-number =  "0",
}

